<collection xmlns="http://www.loc.gov/MARC21/slim">
<record>
  <leader>01103nam0a22002531i 450 </leader>
  <controlfield tag="001">IT\ICCU\CNCE\055368</controlfield>
  <controlfield tag="005">20160513000000.0</controlfield>
  <datafield tag="100" ind1=" " ind2=" ">
    <subfield code="a">20040123d1576        0itac0103    ba</subfield>
  </datafield>
  <datafield tag="101" ind1=" " ind2=" ">
    <subfield code="a">LAT</subfield>
  </datafield>
  <datafield tag="102" ind1=" " ind2=" ">
    <subfield code="a">IT</subfield>
  </datafield>
  <datafield tag="200" ind1="1" ind2=" ">
    <subfield code="a">Constitutiones reuerendissimi domini d. Cornelii Firmani Auximi episcopi in dioecesana synodo promulgatae anno domini MDLXXVI die XII mensis Iunii</subfield>
  </datafield>
  <datafield tag="210" ind1=" " ind2=" ">
    <subfield code="a">Macerata</subfield>
    <subfield code="c">Sebastiano Martellini</subfield>
    <subfield code="d">1576</subfield>
  </datafield>
  <datafield tag="215" ind1=" " ind2=" ">
    <subfield code="a">64 p.</subfield>
    <subfield code="d">8ʻ</subfield>
  </datafield>
  <datafield tag="620" ind1=" " ind2=" ">
    <subfield code="a">IT</subfield>
    <subfield code="d">Macerata</subfield>
  </datafield>
  <datafield tag="710" ind1="0" ind2="2">
    <subfield code="a">Osimo</subfield>
    <subfield code="c"> &lt;Diocesi&gt;</subfield>
    <subfield code="3">9828</subfield>
  </datafield>
  <datafield tag="702" ind1=" " ind2="1">
    <subfield code="a">Firmano,</subfield>
    <subfield code="b">Cornelio</subfield>
    <subfield code="3">IT\ICCU\CNCA\021961</subfield>
  </datafield>
  <datafield tag="712" ind1="0" ind2="0">
    <subfield code="a">Martellini, Sebastiano</subfield>
    <subfield code="3">IT\ICCU\CNCT\000296</subfield>
    <subfield code="4">650</subfield>
  </datafield>
  <datafield tag="790" ind1=" " ind2="0">
    <subfield code="a">Dioecesana Auximana</subfield>
    <subfield code="3">IT\ICCU\CNCA\021933</subfield>
    <subfield code="z">Osimo &lt;Diocesi&gt;</subfield>
  </datafield>
  <datafield tag="791" ind1="0" ind2="2">
    <subfield code="a">Diaecesana Auximana</subfield>
    <subfield code="3">23418</subfield>
    <subfield code="z">Osimo &lt;Diocesi&gt;</subfield>
  </datafield>
  <datafield tag="790" ind1=" " ind2="1">
    <subfield code="a">Fermani,</subfield>
    <subfield code="b">Cornelius</subfield>
    <subfield code="3">IT\ICCU\CNCA\021997</subfield>
    <subfield code="z">Firmano, Cornelio</subfield>
  </datafield>
  <datafield tag="790" ind1=" " ind2="1">
    <subfield code="a">Firmanus,</subfield>
    <subfield code="b">Cornelius</subfield>
    <subfield code="3">IT\ICCU\CNCA\021999</subfield>
    <subfield code="z">Firmano, Cornelio</subfield>
  </datafield>
  <datafield tag="791" ind1="0" ind2="0">
    <subfield code="a">Martellinus, Sebastianus</subfield>
    <subfield code="3">IT\ICCU\CNCT\005040</subfield>
    <subfield code="z">Martellini, Sebastiano</subfield>
  </datafield>
  <datafield tag="801" ind1=" " ind2="3">
    <subfield code="a">IT</subfield>
    <subfield code="b">ICCU</subfield>
    <subfield code="c">20201115</subfield>
  </datafield>
  <datafield tag="899" ind1=" " ind2=" ">
    <subfield code="a">Biblioteca Apostolica Vaticana. Citt ̉del Vaticano</subfield>
    <subfield code="1">EX0001</subfield>
    <subfield code="2">ZCV 01</subfield>
  </datafield>
</record>
</collection>
